

@misc{valgrind-doc,
  title = {The Design and Implementation of Valgrind},
  howpublished = {\url{https://www.valgrind.org/docs/manual/mc-tech-docs.html#mc-tech-docs.intro}}
}

@misc{valgrind-tools,
  title = {Valgrind's Tool Suite},
  howpublished = {\url{https://www.valgrind.org/info/tools.html}}
}

@misc{valgrind-about,
  title = {About Valgrind},
  howpublished = {\url{https://www.valgrind.org/info/about.html}}
}

@misc{valgrind-platforms,
  title = {Supported Platforms},
  howpublished = {\url{https://www.valgrind.org/info/platforms.html}}
}

@misc{deleaker-blog,
  title = {Valgrind for Windows},
  howpublished = {\url{https://www.deleaker.com/blog/2020/01/04/valgrind-for-windows/}}
}

@misc{deleaker-site,
  title = {Deleaker profiler for C++, C#, .NET AND DELPHI},
  howpublished = {\url{https://www.deleaker.com/}}
}

@misc{deleaker-tutorial,
  title = {Visual studio memory leak detection with the help of Deleaker},
  howpublished = {\url{https://www.deleaker.com/docs/deleaker/tutorial.html}}
}

@misc{clang-doc,
  title = {Clang v12 documentation},
  howpublished = {\url{https://clang.llvm.org/docs/index.html}}
}

@misc{drmemory-doc,
  title = {Dr. Memory documentation},
  howpublished = {\url{https://dynamorio.org/drmemory_docs/index.html}}
}


@misc{dynamo-rio,
  title = {DynamoRIO},
  howpublished = {\url{https://dynamorio.org/}}
}

@misc{drmemory-paper,
  title = {Practical memory checking with Dr. Memory},
  author = {Derek Bruening and Qin Zhao},
  howpublished = {\url{https://www.researchgate.net/publication/224236404_Practical_memory_checking_with_Dr_Memory}}
}

@misc{drcasesim-doc,
  title = {Dr. Cachesim documentation},
  howpublished = {\url{http://dynamorio.org/dynamorio_docs/page_drcachesim.html}}
}


@misc{jetbrains-dotnet,
  title = {Memory profiling on Linux and macOS with dotMemory 2020.2},
  howpublished = {\url{https://blog.jetbrains.com/dotnet/2020/06/09/memory-profiling-linux-macos-dotmemory-2020-2/}}
}



@article{analizaKoda,
    author = {David Binkley},
    journal = {Future of Software Engineering(FOSE â€™07)},
    keywords = {software engineering},
    pages = {2--5},
    posted-at = {2007-05},
    priority = {0},
    title = {{Source Code Analysis: A Road Map}},
    year = {2007}
}

@book{laski2009software,
  title={{Software Verification and Analysis}},
  author={Laski, J. and Stanley, W.},
  isbn={9781848822405},
  url={http://books.google.rs/books?id=5hFnaDQ1jiAC},
  year={2009},
  publisher={Springer-Verlag},
  address = {London}
}



@misc{gcc,
title = {{GNU gcc}},
note = {on-line at: \url{http://gcc.gnu.org/}},
    author = {Free Software Foundation},
    year = {2013}
}


@book{laski2009software,
  title={{Software Verification and Analysis}},
  author={Laski, J. and Stanley, W.},
  isbn={9781848822405},
  url={http://books.google.rs/books?id=5hFnaDQ1jiAC},
  year={2009},
  publisher={Springer-Verlag},
  address = {London}
}



@misc{gcc,
title = {{GNU gcc}},
note = {on-line at: \url{http://gcc.gnu.org/}},
    author = {Free Software Foundation},
    year = {2013}
}


@article{haltingproblemmm,
    author = {David Binkley},
    citeulike-article-id = {155758},
    journal = {Proceedings of the London Mathematical Society},
    keywords = {computability, entscheidungsproblem, turing},
    number = {42},
    pages = {230--265},
    posted-at = {2005-04-08 18:11:59},
    priority = {0},
    title = {{Source Code Analysis}},
    volume = {2},
    year = {1936}
}